<record><leader>02396cam a2200409 i 4500</leader><controlfield tag="001">6697957</controlfield><controlfield tag="003">OCoLC</controlfield><controlfield tag="005">20140926111356.0</controlfield><controlfield tag="008">140708s2015    cau      b    001 0 eng  </controlfield><datafield ind1=" " ind2=" " tag="010"><subfield code="a">  2014026730</subfield></datafield><datafield ind1="7" ind2=" " tag="016"><subfield code="a">101636324</subfield><subfield code="2">DNLM</subfield></datafield><datafield ind1=" " ind2=" " tag="020"><subfield code="a">9781887571180 (pbk.)</subfield></datafield><datafield ind1=" " ind2=" " tag="020"><subfield code="a">1887571183 (pbk.)</subfield></datafield><datafield ind1=" " ind2=" " tag="035"><subfield code="a">ocn883366015</subfield></datafield><datafield ind1=" " ind2=" " tag="040"><subfield code="a">DNLM/DLC</subfield><subfield code="b">eng</subfield><subfield code="e">rda</subfield><subfield code="c">DLC</subfield><subfield code="d">NLM</subfield><subfield code="d">OCLCO</subfield><subfield code="d">AFMK</subfield></datafield><datafield ind1=" " ind2=" " tag="042"><subfield code="a">pcc</subfield></datafield><datafield ind1="0" ind2="0" tag="050"><subfield code="a">RJ255.5</subfield></datafield><datafield ind1="1" ind2="0" tag="060"><subfield code="a">WS 420</subfield></datafield><datafield ind1="0" ind2="0" tag="082"><subfield code="a">618.92/01</subfield><subfield code="2">23</subfield></datafield><datafield ind1=" " ind2=" " tag="090"><subfield code="a">RJ 255.5 P5781 2015</subfield><subfield code="b">AFMK</subfield></datafield><datafield ind1="0" ind2=" " tag="130"><subfield code="a">Physical assessment of the newborn (Tappero)</subfield></datafield><datafield ind1="1" ind2="0" tag="245"><subfield code="a">Physical assessment of the newborn :</subfield><subfield code="b">a comprehensive approach to the art of physical examination /</subfield><subfield code="c">[edited by] Ellen P. Tappero, Mary Ellen Honeyfield.</subfield></datafield><datafield ind1=" " ind2=" " tag="250"><subfield code="a">5th edition.</subfield></datafield><datafield ind1=" " ind2="1" tag="264"><subfield code="a">Petaluma, California :</subfield><subfield code="b">NICU INK Book Publishers,</subfield><subfield code="c">[2015]</subfield></datafield><datafield ind1=" " ind2=" " tag="300"><subfield code="a">x, 302 pages :</subfield><subfield code="b">illustrations (some colored), charts, graphs ;</subfield><subfield code="c">26 cm</subfield></datafield><datafield ind1=" " ind2=" " tag="336"><subfield code="a">text</subfield><subfield code="2">rdacontent</subfield></datafield><datafield ind1=" " ind2=" " tag="337"><subfield code="a">unmediated</subfield><subfield code="2">rdamedia</subfield></datafield><datafield ind1=" " ind2=" " tag="338"><subfield code="a">volume</subfield><subfield code="2">rdacarrier</subfield></datafield><datafield ind1=" " ind2=" " tag="504"><subfield code="a">Includes bibliographical references and index.</subfield></datafield><datafield ind1="0" ind2=" " tag="505"><subfield code="a">Principles of physical assessment / Mary Ellen Honeyfield -- Recording and evaluating the neonatal history / Kimberly Horns LaBronte -- Gestational age assessment / Carol Wiltgen Trotter -- Skin assessment / Catherine Witt -- Head, eyes, ears, nose, mouth, and neck assessment / Patricia J. Johnson -- Chest and lungs assessment / Debbie Fraser -- Cardiovascular assessment / Lyn Vargo -- Abdomen assessment / Martha Goodwin -- Genitourinary assessment / Terri A. Cavaliere -- Musculoskeletal system assessment / Ellen P. Tappero -- Neurologic assessment / Pamela Dillon Heaberlin -- Behavioral assessment / Jacqueline McGrath, Dorothy Vittner -- Assessment of the dysmorphic infant / Michelle Bennett, Susan R. Meier -- Pain assessment in the newborn / Marlene Walden, Carol Turnage Spruill -- Appendix A. Antepartum tests and intrpartum monitoring / Kimberly Horns LaBronte.</subfield></datafield><datafield ind1=" " ind2=" " tag="596"><subfield code="a">8</subfield></datafield><datafield ind1="1" ind2="2" tag="650"><subfield code="a">Infant, Newborn.</subfield></datafield><datafield ind1="1" ind2="2" tag="650"><subfield code="a">Physical Examination</subfield><subfield code="v">methods.</subfield></datafield><datafield ind1="2" ind2="2" tag="650"><subfield code="a">Neonatal Nursing</subfield><subfield code="v">methods.</subfield></datafield><datafield ind1="1" ind2=" " tag="700"><subfield code="a">Tappero, Ellen P.,</subfield><subfield code="d">1952- ,</subfield><subfield code="e">editor.</subfield></datafield><datafield ind1="1" ind2=" " tag="700"><subfield code="a">Honeyfield, Mary Ellen,</subfield><subfield code="d">1944- ,</subfield><subfield code="e">editor.</subfield></datafield><datafield ind1=" " ind2=" " tag="926"><subfield code="a">RJ 255.5 P5781 2015</subfield><subfield code="w">LC</subfield><subfield code="c">1</subfield><subfield code="i">34917001370399</subfield><subfield code="d">1/27/2015</subfield><subfield code="e">12/18/2014</subfield><subfield code="l">ON_SHELF</subfield><subfield code="m">KEYANO</subfield><subfield code="n">1</subfield><subfield code="p">$79.04</subfield><subfield code="r">Y</subfield><subfield code="s">Y</subfield><subfield code="t">BOOK</subfield><subfield code="u">9/26/2014</subfield><subfield code="o">.STAFF. Rec'd Nov/14 MW</subfield></datafield></record>